<record><leader>00000cas a22000007a 4500</leader><controlfield tag="001">13483311</controlfield><controlfield tag="008">860423d18271843pauwr ne      0    0eng  </controlfield><controlfield tag="009">466</controlfield><datafield ind1=" " ind2=" " tag="010"><subfield code="a">sn 86071359 </subfield></datafield><datafield ind1=" " ind2=" " tag="040"><subfield code="a">DLC</subfield><subfield code="b">eng</subfield><subfield code="c">DLC</subfield><subfield code="d">NPX</subfield><subfield code="d">NPH</subfield><subfield code="d">NVK</subfield><subfield code="d">OCL</subfield><subfield code="d">KRTAS</subfield><subfield code="d">DLC</subfield><subfield code="d">OCLCF</subfield></datafield><datafield ind1="1" ind2=" " tag="029"><subfield code="a">AU@</subfield><subfield code="b">000020128028</subfield></datafield><datafield ind1=" " ind2=" " tag="042"><subfield code="a">msc</subfield></datafield><datafield ind1=" " ind2=" " tag="043"><subfield code="a">n-us-pa</subfield></datafield><datafield ind1="0" ind2="0" tag="050"><subfield code="a">Newspaper</subfield></datafield><datafield ind1="0" ind2="4" tag="245"><subfield code="a">The Bucks County intelligencer, and general advertiser.</subfield></datafield><datafield ind1=" " ind2=" " tag="260"><subfield code="a">Doylestown, Pa. :</subfield><subfield code="b">E.B. Jackson and J. Kelly,</subfield><subfield code="c">1827-1843.</subfield></datafield><datafield ind1=" " ind2=" " tag="300"><subfield code="a">v. ;</subfield><subfield code="c">51-65 cm.</subfield></datafield><datafield ind1=" " ind2=" " tag="310"><subfield code="a">Weekly</subfield></datafield><datafield ind1="0" ind2=" " tag="362"><subfield code="a">Vol. 1, no. 1 (Oct. 1, 1827)-   ;   -new ser., v. 2, no. 52 (Mar. 8, 1843).</subfield></datafield><datafield ind1=" " ind2=" " tag="500"><subfield code="a">Publisher varies: James Kelly, &lt;1828-1831&gt;; Kelly &amp; Large, &lt;1835-1836&gt;; William M. Large, &lt;1840&gt;.</subfield></datafield><datafield ind1=" " ind2=" " tag="515"><subfield code="a">Some issues also bear whole numbering.</subfield></datafield><datafield ind1=" " ind2="0" tag="651"><subfield code="a">Doylestown (Pa.)</subfield><subfield code="v">Newspapers.</subfield></datafield><datafield ind1=" " ind2="0" tag="651"><subfield code="a">Bucks County (Pa.)</subfield><subfield code="v">Newspapers.</subfield></datafield><datafield ind1=" " ind2="7" tag="655"><subfield code="a">Newspapers.</subfield><subfield code="2">fast</subfield><subfield code="0">(OCoLC)fst01423814</subfield></datafield><datafield ind1=" " ind2="7" tag="651"><subfield code="a">Pennsylvania</subfield><subfield code="z">Bucks County.</subfield><subfield code="2">fast</subfield><subfield code="0">(OCoLC)fst01210486</subfield></datafield><datafield ind1=" " ind2="7" tag="651"><subfield code="a">Pennsylvania</subfield><subfield code="z">Doylestown.</subfield><subfield code="2">fast</subfield><subfield code="0">(OCoLC)fst01213797</subfield></datafield><datafield ind1=" " ind2=" " tag="752"><subfield code="a">United States</subfield><subfield code="b">Pennsylvania</subfield><subfield code="c">Bucks</subfield><subfield code="d">Doylestown.</subfield></datafield><datafield ind1="0" ind2="0" tag="780"><subfield code="t">Bucks County patriot</subfield><subfield code="w">(DLC)sn 86071358</subfield><subfield code="w">(OCoLC)13459103</subfield></datafield><datafield ind1="0" ind2="0" tag="785"><subfield code="t">Bucks County intelligencer</subfield><subfield code="w">(DLC)sn 83032018</subfield><subfield code="w">(OCoLC)10129748</subfield></datafield><datafield ind1=" " ind2=" " tag="938"><subfield code="a">Kirtas Technologies, Inc.</subfield><subfield code="b">KRTS</subfield><subfield code="n">739597</subfield></datafield></record>